@article{b1,
  author = {Piombino, Pasquale and Esposito, Eliana and Committeri, Umberto and Barone, Simona and Arena, Antonio and Cataldo, Rosanna and Carraturo, Emanuele and Vaira, Luigi Angelo and De Riu, Giacomo and Mariniello, Domenico and Califano, Luigi},
  title = {Measurement of Facial Soft Tissue Thickness Using CBCT in Relation to BMI, Age, and Sex},
  journal = {Journal of Stomatology Oral and Maxillofacial Surgery},
  year = {2023},
  doi = {10.1016/j.jormas.2023.101420}
}

@article{b2,
  author = {Rajagopalan, A. and Verma, S. and Kumar, V. and Verma, R. K. and Singh, S. P. and Rattan, V.},
  title = {Effect of maxillary distraction osteogenesis and LeFort-1 advancement orthognathic surgery on soft-tissue thickness and anterior soft-tissue to hard-tissue movement ratios among patients with complete unilateral cleft lip and palate},
  journal = {APOS Trends Orthod},
  year = {2024},
  volume = {14},
  pages = {115-123},
  doi = {10.25259/APOS_104_2023}
}

@article{b3,
  author = {Piombino, Pasquale and Esposito, Eliana and Committeri, Umberto and others},
  title = {Facial soft tissue thickness measurement method and relationship with BMI, age and sex},
  journal = {Journal of Stomatology Oral and Maxillofacial Surgery},
  year = {2023},
  volume = {124},
  number = {4},
  pages = {101420},
  doi = {10.1016/j.jormas.2023.101420}
}

@article{b4,
  title={Radiomics strategies for risk assessment of tumour failure in head-and-neck cancer},
  author={Valli{\`e}res, Martin and Kay-Rivest, Emily and Perrin, Laurent J and Liem, Xavier and Furstoss, Caroline and Aerts, Hugo JWL and Vincent, Patrice and Freeman, Charles R and Skamene, Stephen R and El Naqa, Issam and others},
  journal={Scientific Reports},
  volume={7},
  pages={10117},
  year={2017},
  publisher={Nature Publishing Group},
  doi={10.1038/s41598-017-10371-5}
}
